<?xml version="1.0" encoding="UTF-8"?>
<record xmlns="http://www.loc.gov/MARC21/slim" xmlns:xsi="http://www.w3.org/2001/XMLSchema-instance" xsi:schemaLocation="http://www.loc.gov/MARC21/slim http://www.loc.gov/standards/marcxml/schema/MARC21slim.xsd">
<leader>     nam a22002291  4500</leader>
<controlfield tag="001">001678247</controlfield>
<controlfield tag="003">NNU</controlfield>
<controlfield tag="005">20001218204010.0</controlfield>
<controlfield tag="008">870501s1962    sy ch         000 0 ara c</controlfield>
<datafield tag="010" ind1=" " ind2=" ">
<subfield code="a">ne 65000446</subfield>
</datafield>
<datafield tag="035" ind1="9" ind2=" ">
<subfield code="a">NYUb12221632</subfield>
</datafield>
<datafield tag="035" ind1=" " ind2=" ">
<subfield code="a">(MNU)notisAQB6198</subfield>
</datafield>
<datafield tag="035" ind1=" " ind2=" ">
<subfield code="a">(CStRLIN)MNUGAQB6198-B</subfield>
<subfield code="z">(CStRLIN)MIUG87-B32586</subfield>
</datafield>
<datafield tag="040" ind1=" " ind2=" ">
<subfield code="a">Princeton Univ. Libr.</subfield>
<subfield code="c">MiU</subfield>
</datafield>
<datafield tag="100" ind1="1" ind2=" ">
<subfield code="a">al-Farfūrī, Muhammad Sālih.</subfield>
</datafield>
<datafield tag="245" ind1="1" ind2="3">
<subfield code="a">al-Durr al-manthūr /cli-S̥ālih̥ Farfūr ;</subfield>
<subfield code="c">ala al-d̥iyāʼ al-mawfūr fī aʻyān Banī Farfūr li-Muh̥ammad Jamīl al-Shat̥t̥ī.</subfield>
</datafield>
<datafield tag="260" ind1=" " ind2=" ">
<subfield code="a">Dimashq :</subfield>
<subfield code="b">Mat̥baʻat al-Taraqqī,</subfield>
<subfield code="c">1962.</subfield>
</datafield>
<datafield tag="300" ind1=" " ind2=" ">
<subfield code="a">203 p.</subfield>
<subfield code="b">ports., facsims.</subfield>
<subfield code="c">25 cm.</subfield>
</datafield>
<datafield tag="600" ind1="3" ind2="0">
<subfield code="a">Farfūr family.</subfield>
</datafield>
<datafield tag="600" ind1="1" ind2="0">
<subfield code="a">Shaṭṭī, Jamīl.</subfield>
<subfield code="t">Ḍiyā al-mawfūr fī aʻsyān Banī Farfūr.</subfield>
</datafield>
<datafield tag="OWN" ind1=" " ind2=" ">
<subfield code="a">GENERAL</subfield>
</datafield>
<datafield tag="950" ind1=" " ind2=" ">
<subfield code="l">BMAIN</subfield>
<subfield code="a">DS94.97.A2</subfield>
<subfield code="b">F3</subfield>
</datafield>
<datafield tag="955" ind1=" " ind2=" ">
<subfield code="l">BMAIN</subfield>
<subfield code="c">1</subfield>
<subfield code="r">028245879</subfield>
</datafield>
<datafield tag="998" ind1=" " ind2=" ">
<subfield code="s">9115</subfield>
</datafield>
<datafield tag="AVA" ind1=" " ind2=" ">
<subfield code="a">NYU50</subfield>
<subfield code="b">BOBST</subfield>
<subfield code="c">Main Collection</subfield>
<subfield code="d">DS94.97.A2 F3</subfield>
<subfield code="e">unavailable</subfield>
<subfield code="t">Unavailable</subfield>
<subfield code="f">1</subfield>
<subfield code="g">1</subfield>
<subfield code="h">N</subfield>
<subfield code="i">0</subfield>
<subfield code="j">MAIN</subfield>
<subfield code="k">0</subfield>
</datafield>
</record>
